@MastersThesis{carl,
  author = {Carl Stermann-Lücke},
  title  = {Supervised Learning of Swarm Behaviour using Learning Classifier Systems},
  school = {Otto-von-Guericke Universität Magdeburg},
  year   = {2020},
  url    = {https://www.is.ovgu.de/is_media/Master+und+Bachelor_Arbeiten/MasterThesis_CarlSternmann_Luecke-p-6114.pdf},
}
@ONLINE{DecisionTreesScikitLearn,
    title = "scikit-learn 0.23.2 documentation - 1.10. Decision Trees",
    note = "\url{https://scikit-learn.org/stable/modules/tree.html}",
    urldate = {2020-11-21}
}
@inproceedings{sklearn_api,
  author    = {Lars Buitinck and Gilles Louppe and Mathieu Blondel and
               Fabian Pedregosa and Andreas Mueller and Olivier Grisel and
               Vlad Niculae and Peter Prettenhofer and Alexandre Gramfort
               and Jaques Grobler and Robert Layton and Jake VanderPlas and
               Arnaud Joly and Brian Holt and Ga{\"{e}}l Varoquaux},
  title     = {{API} design for machine learning software: experiences from the scikit-learn
               project},
  booktitle = {ECML PKDD Workshop: Languages for Data Mining and Machine Learning},
  year      = {2013},
  pages = {108--122},
}
%Example for how to cite a URL:
@manual{Seidelmann:2017,
      title  = "Liquid Swarm",
      author = "Thomas Seidelmann",
      note    = "\url{http://www.is.ovgu.de/is_media/Codes/LiquidSwarm.exe}",
      year   = "2017 (accessed May 27, 2020)"
}
@ONLINE{MIT:ComputationalThinking,
author = {Eric Grimson, John Guttag, and Ana Bell. Massachusetts Institute of Technology: MIT OpenCourseWare},
title = {6.0002 Introduction to Computational Thinking and Data Science.},
year = {Fall 2016.},
school = {Massachusetts Institute of Technology: MIT OpenCourseWare, https://ocw.mit.edu.},
license = {Creative Commons BY-NC-SA.},
note = "\url{https://ocw.mit.edu/courses/electrical-engineering-and-computer-science/6-0002-introduction-to-computational-thinking-and-data-science-fall-2016/index.htm}"
}